@incollection{loy89,
  author = {Gareth Loy},
  title = {Composing with computers: a survey of some compositional formalisms and music programming languages},
  booktitle = {Current directions in computer music research},
  year = {1989},
  isbn = {0-262-13241-9},
  pages = {291--396},
  publisher = {MIT Press},
  address = {Cambridge, MA, USA},
}

@article{reynolds94,
  title={{Problem solving using cultural algorithms}},
  author={Reynolds, RG and Sverdlik, W.},
  journal={Evolutionary Computation, 1994. IEEE World Congress on Computational Intelligence., Proceedings of the First IEEE Conference on},
  pages={645--650},
  year={1994}
}

@article{reynolds94int,
  title={{An Introduction to Cultural Algorithms}},
  author={Reynolds, R.G.},
  journal={Proceedings of the Third Annual Conference on Evolutionary Programming},
  pages={131--139},
  year={1994},
  publisher={February}
}


@inproceedings{cope93,
  author = {David Cope},
  title = {Panel discussion},
  booktitle = {Proceedings of the International Computer Music Conference},
  year = {1993},
}

@article{papa99,
  title={{AI Methods for algorithmic composition: A Survey, a Critical View and Future Prospects}},
  author={Papadopoulos, G. and Wiggins, G.},
  journal={AISB Symposium on Musical Creativity},
  year={1999}
}

@article{leach95,
  title={{Nature, Music, and Algorithmic Composition}},
  author={Leach, J. and Fitch, J.},
  journal={Computer Music Journal},
  volume={19},
  number={2},
  pages={23--33},
  year={1995},
  publisher={JSTOR}
}

@unpublished{morris05,
	title={Programming a computer to play the 12-bar blues},
	author={Paul Morris},
	note={BSc (Hons) dissertation},
	year={2005}
}

@article{steedman84,
  title={{A Generative Grammar for Jazz Chord Sequences}},
  author={Steedman, M.J.},
  journal={Music Perception},
  volume={2},
  number={1},
  pages={52--77},
  year={1984}
}

@article{jlaird91,
  title={{Jazz Improvisation: A Theory at the Computational Level}},
  author={Johnson-Laird, P.N.},
  journal={Representing musical structure, London},
  pages={291--325},
  year={1991}
}

@article{biles94,
  title={{GenJam: A genetic algorithm for generating jazz solos}},
  author={Biles, J.A.},
  journal={Proceedings of the 1994 International Computer Music Conference},
  pages={131--137},
  year={1994}
}

@article{gutknecht92,
  title={{The ‘Postmodern Mind’: Hybrid Models of Cognition}},
  author={Gutknecht, M.},
  journal={Connection Science},
  volume={4},
  number={3},
  pages={339--364},
  year={1992},
  publisher={Taylor \& Francis}
}

@book{narmour90,
  title={{The Analysis and Cognition of Basic Melodic Structures: The Implication-Realization Model}},
  author={Narmour, E.},
  year={1990},
  publisher={University of Chicago Press}
}

@book{narmour92,
  title={{The Analysis and Cognition of Melodic Complexity: The Implication-Realization Model}},
  author={Narmour, E.},
  year={1992},
  publisher={University of Chicago Press}
}

@book{narmour77,
  title={{Beyond Schenkerism: The Need for Alternatives in Music Analysis}},
  author={Narmour, E.},
  year={1977},
  publisher={University of Chicago Press}
}

@book{holland75,
  title={{Adaptation in natural and artificial systems, University of Michigan press}},
  author={Holland, J.H.},
  year={1975},
  publisher={University of Michigan Press}
}

@book{xenakis71,
  title={{Formalized music}},
  author={Xenakis, I.},
  year={1971},
  publisher={Indiana University Press Bloomington}
}

@book{wiggins98,
  title={{Evolutionary Methods for Musical Composition}},
  author={Wiggins, G.A. and University of Edinburgh and Dept. of Artificial Intelligence},
  year={1998},
  publisher={University of Edinburgh, Dept. of Artificial Intelligence}
}

@article{voss78,
  title={{’’1/f noise’’in music: Music from 1/f noise}},
  author={Voss, R.F. and Clarke, J.},
  journal={The Journal of the Acoustical Society of America},
  volume={63},
  pages={258},
  year={1978},
  publisher={ASA}
}

@article{toiviainen00,
  title={{Symbolic AI versus connectionism in music research}},
  author={Toiviainen, P.},
  journal={Readings in Music and Artificial Intelligence. Amsterdam: Harwood Academic Publishers},
  volume={67},
  year={2000}
}

@article{tirro74,
  title={{Constructive Elements in Jazz Improvisation}},
  author={Tirro, F.},
  journal={Journal of the American Musicological Society},
  volume={27},
  number={2},
  pages={285--305},
  year={1974},
  publisher={JSTOR}
}

@article{thompson97,
  title={{Expectancies generated by melodic intervals: evaluation of principles of melodic implication in a melody-completion task.}},
  author={Thompson, WF and Cuddy, LL and Plaus, C.},
  journal={Percept Psychophys},
  volume={59},
  number={7},
  pages={1069--76},
  year={1997}
}

@article{steedman96,
  title={{The Blues and the Abstract Truth: Music and Mental Models}},
  author={Steedman, M.},
  journal={Mental Models in Cognitive Science: Essays in Honour of Phil Johnson-Laird},
  year={1996},
  publisher={Psychology Press}
}

@article{bak87,
  title={{Self-organized criticality: An explanation of the 1/f noise}},
  author={Bak, P. and Tang, C. and Wiesenfeld, K.},
  journal={Physical Review Letters},
  volume={59},
  number={4},
  pages={381--384},
  year={1987},
  publisher={APS}
}

@article{chemillier04,
  title={{Toward a formal study of jazz chord sequences generated by Steedman’s grammar}},
  author={Chemillier, M.},
  journal={Soft Computing-A Fusion of Foundations, Methodologies and Applications},
  volume={8},
  number={9},
  pages={617--622},
  year={2004},
  publisher={Springer}
}

@article{clarke88,
  title={{Generative Processes in Music}},
  author={Clarke, EF},
  journal={The Psychology of Performance, Improvisation, and Composition. Oxford Science Publications},
  year={1988}
}

@article{cohen57,
  title={{Subjective probability}},
  author={Cohen, J.},
  journal={Scientific American},
  volume={197},
  number={5},
  pages={128--138},
  year={1957}
}

@book{coker64,
  title={{Improvising Jazz}},
  author={Coker, J.},
  year={1964},
  publisher={Prentice-Hall Englewood Cliffs, NJ}
}

@article{conklin03,
  title={{Music generation from statistical models}},
  author={Conklin, D.},
  journal={Proceedings of the AISB 2003 Symposium on Artificial Intelligence and Creativity in the Arts and Sciences, Aberystwyth, Wales},
  pages={30--35},
  year={2003}
}

@article{cook87,
  title={{The perception of large-scale tonal closure}},
  author={Cook, N.},
  journal={Music Perception},
  volume={5},
  number={2},
  pages={197--206},
  year={1987}
}

@book{cooper60,
  title={{The Rhythmic Structure of Music}},
  author={Cooper, G. and Meyer, L.B.},
  year={1960},
  publisher={University Of Chicago Press}
}

@article{cuddy95,
  title={{Expectancies generated by melodic intervals: perceptual judgments of melodic continuity.}},
  author={Cuddy, LL and Lunney, CA},
  journal={Percept Psychophys},
  volume={57},
  number={4},
  pages={451--62},
  year={1995}
}

@article{desain93,
  title={{Tempo curves considered harmful}},
  author={Desain, P. and Honing, H.},
  journal={Contemporary Music Review},
  volume={7},
  number={2},
  pages={123--138},
  year={1993},
  publisher={Routledge, part of the Taylor \& Francis Group}
}	

@book{dowling86,
  title={{Music cognition}},
  author={Dowling, W.J. and Harwood, D.L.},
  year={1986},
  publisher={Academic Press San diegom California}
}

@misc{fux,
  title={{Gradus ad Parnassum}},
  year={{1725}},
  author={Fux, JJ},
}

@article{gibson91,
  title={{NEUROGEN, musical composition using genetic algorithms andcooperating neural networks}},
  author={Gibson, PM and Byrne, JA},
  journal={Artificial Neural Networks, 1991., Second International Conference on},
  pages={309--313},
  year={1991}
}

@article{gotlieb85,
  title={{The effects of instrumentation, playing style, and structure in the Goldberg Variation by Johann Sebastian Bach}},
  author={Gotlieb, H. and Konecni, VJ},
  journal={Music Perception},
  volume={3},
  number={1},
  pages={87--102},
  year={1985}
}

@article{grachten01,
  title={{JIG: Jazz Improvisation Generator}},
  author={Grachten, M.},
  journal={Proceedings of the MOSART Workshop on Current Research Directions in Computer Music},
  pages={1--6},
  year={2001}
}

@article{grachten04,
  title={{Using the Implication/Realization Model for Measuring Melodic Similarity}},
  author={Grachten, M. and Arcos, J.L.},
  journal={Proceedings of the 16th European Conference on Artificial Intelligence, ECAI},
  year={2004}
}

@article{grachten05,
  title={{Melody Retrieval using the Implication/Realization Model}},
  author={Grachten, M. and Arcos, J.L. and de Mantaras, R.L.},
  journal={MIREX},
  year={2005}
}

@article{hevner36,
  title={{Experimental Studies of the Elements of Expression in Music}},
  author={Hevner, K.},
  journal={The American Journal of Psychology},
  volume={48},
  number={2},
  pages={246--268},
  year={1936},
  publisher={JSTOR}
}

@article{hevner37,
  title={{The Affective Value of Pitch and Tempo in Music}},
  author={Hevner, K.},
  journal={The American Journal of Psychology},
  volume={49},
  number={4},
  pages={621--630},
  year={1937},
  publisher={JSTOR}
}

@techreport{horner91,
  title={{Genetic algorithms and computer-assisted music composition}},
  author={Horner, A. and Goldberg, D.E.},
  year={1991},
  institution={Technical Report CCSR-91-20, Center for Complex Systems Research, The Beckman Institute, University of Illinois at UrbanaChampaign, 1991}
}

@article{horner93,
  title={{Machine Tongues XVI: Genetic Algorithms and Their Application to FM Matching Synthesis}},
  author={Horner, A. and Beauchamp, J. and Haken, L.},
  journal={Computer Music Journal},
  volume={17},
  number={4},
  pages={17--29},
  year={1993},
  publisher={JSTOR}
}

@article{johnsonlaird91,
  title={{Jazz Improvisation: A Theory at the Computational Level}},
  author={Johnson-Laird, P.N.},
  journal={Representing musical structure, London},
  pages={291--325},
  year={1991}
}

@article{jones81,
  title={{Compositional Applications of Stochastic Processes}},
  author={Jones, K.},
  journal={Computer Music Journal},
  volume={5},
  number={2},
  pages={45--61},
  year={1981},
  publisher={JSTOR}
}

@article{keller07,
  title={{A grammatical approach to automatic improvisation}},
  author={Keller, R. and Morrison, D.},
  journal={Proceedings, Fourth Sound and Music Conference, Lefkada, Greece, July},
  year={2007}
}

@article{koenig70,
  title={{Project One}},
  author={Koenig, GM},
  journal={Electronic Music Report},
  pages={32--46},
  year={1970}
}

@article{krumhansl95,
  title={{Music Psychology and Music Theory: Problems and Prospects}},
  author={Krumhansl, C.L.},
  journal={Music Theory Spectrum},
  volume={17},
  number={1},
  pages={53--80},
  year={1995},
  publisher={JSTOR}
}

@article{krumhansl99,
  title={{Melodic expectation in Finnish spiritual folk hymns: Convergence of statistical, behavioral, and computational approaches}},
  author={Krumhansl, C.L. and Louhivuori, J. and Toiviainen, P. and J{\"a}rvinen, T. and Eerola, T.},
  journal={Music Perception},
  volume={17},
  number={2},
  pages={151--95},
  year={1999}
}

@article{krumhansl00,
  title={{Cross-cultural music cognition: cognitive methodology applied to North Sami yoiks}},
  author={Krumhansl, C.L. and Toivanen, P. and Eerola, T. and Toiviainen, P. and J{\"a}rvinen, T. and Louhivuori, J.},
  journal={Cognition},
  volume={76},
  number={1},
  pages={13--58},
  year={2000},
  publisher={Elsevier}
}

@article{loy91,
  title={{Connectionism and Musiconomy}},
  author={Loy, D.G.},
  journal={Music and Connectionism},
  year={1991},
  publisher={MIT Press}
}

@book{lerdahl01,
  title={{Tonal Pitch Space}},
  author={Lerdahl, F.},
  year={2001},
  publisher={Oxford University Press}
}

@book{lerdahl96,
  title={{A Generative Theory of Tonal Music}},
  author={Lerdahl, F. and Jackendoff, R.},
  year={1996},
  publisher={MIT Press}
}

@article{mcintyre94,
  title={{Bach in a box: The evolution of four-part baroque harmony using the genetic algorithm}},
  author={McIntyre, R.A.},
  journal={IEEE Conference on Evolutionary Computation},
  pages={852--857},
  year={1994}
}

@book{meyer56,
  title={{Emotions and meaning in music}},
  author={Meyer, L.},
  year={1956},
  publisher={Chicago: The University of Chicago Press}
}

@phdthesis{millar84,
  title={{The aural perception of pitch-class set relations: a computer- assisted investigation}},
  author={Millar, J.K.},
  year={1984},
  school={North Texas State University}
}

@article{palmer89,
  title={{Mapping musical thought to musical performance}},
  author={Palmer, C.},
  journal={Journal of experimental psychology. Human perception and performance},
  volume={15},
  number={2},
  pages={331--346},
  year={1989},
  publisher={American Psychological Association}
}

@article{papadopoulos99,
  title={{AI Methods for algorithmic composition: A Survey, a Critical View and Future Prospects}},
  author={Papadopoulos, G. and Wiggins, G.},
  journal={AISB Symposium on Musical Creativity},
  year={1999}
}

@article{roads79,
  title={{Grammars as Representations for Music}},
  author={Roads, C. and Wieneke, P.},
  journal={Computer Music Journal},
  volume={3},
  number={1},
  pages={48--55},
  year={1979},
  publisher={JSTOR}
}

@article{sabatella95,
  title={{A Jazz Improvisation Primer}},
  author={Sabatella, M.},
  journal={ADG Productions, Lawndale, CA},
  year={1995}
}

@article{schellenberg97,
  title={{Simplifying the implication-realization model of melodic expectancy}},
  author={Schellenberg, E.G.},
  journal={Music Perception},
  volume={14},
  number={3},
  pages={295--318},
  year={1997}
}

@article{schellenberg96,
  title={{Expectancy in melody: tests of the implication-realization model}},
  author={Schellenberg, E.G.},
  journal={Cognition},
  volume={58},
  number={1},
  pages={75--125},
  year={1996},
  publisher={Elsevier}
}

@book{schenker69,
  title={{Five Graphic Music Analyses}},
  author={Schenker, H.},
  year={1969},
  publisher={Dover Publications}
}

@article{schmuckler89,
  title={{Expectation in music: Investigation of melodic and harmonic processes}},
  author={Schmuckler, M.A.},
  journal={Music Perception},
  volume={7},
  number={2},
  pages={109--150},
  year={1989}
}

@book{schottstaedt84,
  title={{Automatic Species Counterpoint}},
  author={Schottstaedt, B.},
  year={1984},
  publisher={CCRMA, Dept. of Music, Stanford University}
}

@article{spector95,
  title={{Induction and Recapitulation of Deep Musical Structure}},
  author={Spector, L. and Alpern, A.},
  journal={Working Notes of the IJCAI-95 Workshop on Artificial Intelligence and Music},
  pages={41--48},
  year={1995}
}

@article{todd89,
  title={{Towards a cognitive theory of expression: The performance and perception of rubato}},
  author={Todd, N.},
  journal={Contemporary Music Review},
  volume={4},
  number={1},
  pages={405--416},
  year={1989},
  publisher={Routledge, part of the Taylor \& Francis Group}
}

@article{sywerda89,
  title={{Uniform crossover in genetic algorithms}},
  author={Sywerda, G.},
  journal={Proceedings of the third international conference on Genetic algorithms table of contents},
  pages={2--9},
  year={1989},
  publisher={Morgan Kaufmann Publishers Inc. San Francisco, CA, USA}
}

@article{mcalpine99,
  title={{Making Music with Algorithms: A Case-Study System}},
  author={McAlpine, K. and Miranda, E. and Hoggar, S.},
  journal={Computer Music Journal},
  volume={23},
  number={2},
  pages={19--30},
  year={1999},
  publisher={MIT Press Cambridge, MA, USA}
}

@article{mccormack96,
  title={{Grammar based music composition}},
  author={McCormack, J.},
  journal={Complex Systems},
  year={1996}
}

@book{biles96,
  title={{Neural network fitness functions for a musical IGA}},
  author={Biles, J. and Anderson, P. and Loggi, L.},
  year={1996},
  publisher={International Computing Sciences Conferences (ICSC)}
}

@article{bidlack92,
  title={{Chaotic Systems as Simple (But Complex) Compositional Algorithms}},
  author={Bidlack, R.},
  journal={Computer Music Journal},
  volume={16},
  number={3},
  pages={33--47},
  year={1992},
  publisher={JSTOR}
}

@article{marques00,
  title={{Music composition using genetic evolutionary algorithms}},
  author={Marques, M. and Oliveira, V. and Vieira, S. and Rosa, AC},
  journal={Evolutionary Computation, 2000. Proceedings of the 2000 Congress on},
  volume={1},
  year={2000}
}

@article{ebcioglu88,
  title={{An Expert System for Harmonizing Four-Part Chorales}},
  author={Ebcioglu, K.},
  journal={Computer Music Journal},
  volume={12},
  number={3},
  pages={43--51},
  year={1988},
  publisher={JSTOR}
}

@article{conklin95,
  title={{Multiple viewpoint systems for music prediction}},
  author={Conklin, D. and Witten, I.H.},
  journal={Journal of New Music Research},
  volume={24},
  number={1},
  pages={51--73},
  year={1995}
}

@article{papadopoulos98,
  title={{A Genetic Algorithm for the Generation of Jazz Melodies}},
  author={Papadopoulos, G. and Wiggins, G.},
  journal={SteP},
  volume={98},
  pages={7--9},
  year={1998}
}

@article{jin05,
  title={{A comprehensive survey of fitness approximation in evolutionary computation}},
  author={Jin, Y.},
  journal={Soft Computing-A Fusion of Foundations, Methodologies and Applications},
  volume={9},
  number={1},
  pages={3--12},
  year={2005},
  publisher={Springer}
}

@article{unehara03,
  title={{Music composition system based on subjective evaluation}},
  author={Unehara, M. and Onisawa, T.},
  journal={Systems, Man and Cybernetics, 2003. IEEE International Conference on},
  volume={1},
  year={2003}
}

@article{ralley95,
  title={{Genetic algorithms as a tool for melodic development}},
  author={Ralley, D.},
  journal={Proceedings of the 1995 International Computer Music Conference},
  pages={501--502},
  year={1995}
}

@article{jacob96,
  title={{Algorithmic composition as a model of creativity}},
  author={Jacob, B.L.},
  journal={Organised Sound},
  volume={1},
  number={03},
  pages={157--165},
  year={1996},
  publisher={Cambridge University Press}
}

@article{cohen02,
  title={{A Self-Defining Game for One Player: On the Nature of Creativity and the Possibility of Creative Computer Programs}},
  author={Cohen, H.},
  journal={Leonardo},
  volume={35},
  number={1},
  pages={59--64},
  year={2002},
  publisher={MIT Press}
}

@book{goldberg02,
  title={{The Design of Innovation: Lessons from and for Competent Genetic Algorithms}},
  author={Goldberg, D.E.},
  year={2002},
  publisher={Kluwer Academic Publishers}
}

@article{miller96,
  title={{Genetic Algorithms, Selection Schemes, and the Varying Effects of Noise}},
  author={Miller, B.L. and Goldberg, D.E.},
  journal={Evolutionary Computation},
  volume={4},
  number={2},
  pages={113--131},
  year={1996}
}

@book{goldberg89,
  title={{Genetic algorithms in search, optimization, and machine learning}},
  author={Goldberg, D.E. and others},
  year={1989},
  publisher={Addison-Wesley Pub. Co Reading, Mass}
}

@article{spears91,
  title={{On the virtues of parameterized uniform crossover}},
  author={Spears, W.M. and De Jong, K.A.},
  journal={Proceedings of the Fourth International Conference on Genetic Algorithms},
  pages={230--236},
  year={1991},
  publisher={Morgan Kaufman}
}

@book{dodge85,
  title={{Computer Music: Synthesis, Composition, and Performance}},
  author={Dodge, C. and Jerse, T.A.},
  year={1985},
  publisher={Macmillan Library Reference}
}

@article{kim04,
  title={{Composing affective music with a generate and sense approach}},
  author={Kim, S. and Andr{\'e}, E.},
  journal={Proceedings of Flairs 2004-Special Track on AI and Music},
  year={2004}
}
